@article{cai2016dehazenet,
  title={Dehazenet: An end-to-end system for single image haze removal},
  author={Cai, Bolun and Xu, Xiangmin and Jia, Kui and Qing, Chunmei and Tao, Dacheng},
  journal={IEEE Transactions on Image Processing},
  volume={25},
  number={11},
  pages={5187--5198},
  year={2016},
  publisher={IEEE}
}

@inproceedings{li2017aod,
  title={Aod-net: All-in-one dehazing network},
  author={Li, Boyi and Peng, Xiulian and Wang, Zhangyang and Xu, Jizheng and Feng, Dan},
  booktitle={Proceedings of the IEEE International Conference on Computer Vision},
  pages={4770--4778},
  year={2017}
}

@inproceedings{deshpande2017learning,
  title={Learning diverse image colorization},
  author={Deshpande, Aditya and Lu, Jiajun and Yeh, Mao-Chuang and Jin Chong, Min and Forsyth, David},
  booktitle={Proceedings of the IEEE Conference on Computer Vision and Pattern Recognition},
  pages={6837--6845},
  year={2017}
}

@inproceedings{zhu2017unpaired,
  title={Unpaired image-to-image translation using cycle-consistent adversarial networks},
  author={Zhu, Jun-Yan and Park, Taesung and Isola, Phillip and Efros, Alexei A},
  booktitle={Proceedings of the IEEE international conference on computer vision},
  pages={2223--2232},
  year={2017}
}

@article{zhang2019detecting,
  title={Detecting and Simulating Artifacts in GAN Fake Images},
  author={Zhang, Xu and Karaman, Svebor and Chang, Shih-Fu},
  journal={arXiv preprint arXiv:1907.06515},
  year={2019}
}

@inproceedings{mao2017least,
  title={Least squares generative adversarial networks},
  author={Mao, Xudong and Li, Qing and Xie, Haoran and Lau, Raymond YK and Wang, Zhen and Paul Smolley, Stephen},
  booktitle={Proceedings of the IEEE International Conference on Computer Vision},
  pages={2794--2802},
  year={2017}
}

@inproceedings{lu2014two,
  title={Two-class weather classification},
  author={Lu, Cewu and Lin, Di and Jia, Jiaya and Tang, Chi-Keung},
  booktitle={Proceedings of the IEEE Conference on Computer Vision and Pattern Recognition},
  pages={3718--3725},
  year={2014}
}

@inproceedings{goodfellow2014generative,
  title={Generative adversarial nets},
  author={Goodfellow, Ian and Pouget-Abadie, Jean and Mirza, Mehdi and Xu, Bing and Warde-Farley, David and Ozair, Sherjil and Courville, Aaron and Bengio, Yoshua},
  booktitle={Advances in neural information processing systems},
  pages={2672--2680},
  year={2014}
}

@article{mirza2014conditional,
  title={Conditional generative adversarial nets},
  author={Mirza, Mehdi and Osindero, Simon},
  journal={arXiv preprint arXiv:1411.1784},
  year={2014}
}

@article{perarnau2016invertible,
  title={Invertible conditional gans for image editing},
  author={Perarnau, Guim and Van De Weijer, Joost and Raducanu, Bogdan and {\'A}lvarez, Jose M},
  journal={arXiv preprint arXiv:1611.06355},
  year={2016}
}

@article{reed2016generative,
  title={Generative adversarial text to image synthesis},
  author={Reed, Scott and Akata, Zeynep and Yan, Xinchen and Logeswaran, Lajanugen and Schiele, Bernt and Lee, Honglak},
  journal={arXiv preprint arXiv:1605.05396},
  year={2016}
}


@inproceedings{ledig2017photo,
  title={Photo-realistic single image super-resolution using a generative adversarial network},
  author={Ledig, Christian and Theis, Lucas and Husz{\'a}r, Ferenc and Caballero, Jose and Cunningham, Andrew and Acosta, Alejandro and Aitken, Andrew and Tejani, Alykhan and Totz, Johannes and Wang, Zehan and others},
  booktitle={Proceedings of the IEEE conference on computer vision and pattern recognition},
  pages={4681--4690},
  year={2017}
}

@inproceedings{li2016precomputed,
  title={Precomputed real-time texture synthesis with markovian generative adversarial networks},
  author={Li, Chuan and Wand, Michael},
  booktitle={European Conference on Computer Vision},
  pages={702--716},
  year={2016},
  organization={Springer}
}